<?xml version="1.0" encoding="UTF-8" ?><marc:collection xmlns:marc="http://www.loc.gov/MARC21/slim" xmlns:xsi="http://www.w3.org/2001/XMLSchema-instance" xsi:schemaLocation="http://www.loc.gov/MARC21/slim http://www.loc.gov/standards/marcxml/schema/MARC21slim.xsd">
<marc:record><marc:leader>02063cam a2200433Ii 4500</marc:leader>
<marc:controlfield tag="001">b13203927</marc:controlfield>
<marc:controlfield tag="003">UaCaAUL</marc:controlfield><marc:controlfield tag="005">20170720095548.0</marc:controlfield><marc:controlfield tag="008">041227s1944    ua b     b    000 0 ara d</marc:controlfield><marc:datafield tag="035" ind1=" " ind2=" "><marc:subfield code="a">(OCoLC)123004641</marc:subfield></marc:datafield><marc:datafield tag="040" ind1=" " ind2=" "><marc:subfield code="a">CtY</marc:subfield><marc:subfield code="b">eng</marc:subfield><marc:subfield code="e">rda</marc:subfield><marc:subfield code="c">MEAUC</marc:subfield><marc:subfield code="d">OCLCF</marc:subfield><marc:subfield code="d">OCLCO</marc:subfield><marc:subfield code="d">OCLCQ</marc:subfield><marc:subfield code="d">MEAUC</marc:subfield></marc:datafield><marc:datafield tag="043" ind1=" " ind2=" "><marc:subfield code="a">er-----</marc:subfield></marc:datafield><marc:datafield tag="049" ind1=" " ind2=" "><marc:subfield code="a">MAIN</marc:subfield></marc:datafield><marc:datafield tag="050" ind1=" " ind2="4"><marc:subfield code="a">DD801.R74</marc:subfield><marc:subfield code="b">S537 1944</marc:subfield></marc:datafield><marc:datafield tag="066" ind1=" " ind2=" "><marc:subfield code="c">(3</marc:subfield></marc:datafield><marc:datafield tag="090" ind1=" " ind2=" "><marc:subfield code="a">DD801.R75</marc:subfield><marc:subfield code="b">S5 1944</marc:subfield></marc:datafield><marc:datafield tag="100" ind1="1" ind2=" "><marc:subfield code="6">880-01</marc:subfield><marc:subfield code="a">Sharqāwī, Muḥammad ʻAbd al-Munʻim,</marc:subfield><marc:subfield code="e">author.</marc:subfield></marc:datafield><marc:datafield tag="245" ind1="1" ind2="0"><marc:subfield code="6">880-02</marc:subfield><marc:subfield code="a">Nahr al-Rayn fī al-tārīkh wa-al-siyāsah /</marc:subfield><marc:subfield code="c">taʼlīf duktūr Muḥammad ʻAbd al-Munʻim al-Sharqāwī, ustādh al-Jughrāfīyah al-musāʻid bi-Kullīyat al-Ādāb bi-Jāmiʻat Fuʼād al-Awwal.</marc:subfield></marc:datafield><marc:datafield tag="246" ind1="3" ind2=" "><marc:subfield code="a">Nahr al-Rīn fī al-tārīkh wa-al-siyāsah.</marc:subfield></marc:datafield><marc:datafield tag="246" ind1="3" ind2=" "><marc:subfield code="a">Nahr al-Rayin fī al-tārīkh wa-al-siyāsah.</marc:subfield></marc:datafield><marc:datafield tag="264" ind1=" " ind2="1"><marc:subfield code="6">880-03</marc:subfield><marc:subfield code="a">al-Qāhirah :</marc:subfield><marc:subfield code="b">Maktabat al-Nahḍah al-Miṣrīyah,</marc:subfield><marc:subfield code="c">1944.</marc:subfield></marc:datafield><marc:datafield tag="264" ind1=" " ind2="3"><marc:subfield code="6">880-04</marc:subfield><marc:subfield code="a">al-Qāhirah :</marc:subfield><marc:subfield code="b">Maṭbaʻat Lajnat al-Taʼlīf wa-al-Tarjamah wa-al-Nashr.</marc:subfield></marc:datafield><marc:datafield tag="300" ind1=" " ind2=" "><marc:subfield code="a">94 pages :</marc:subfield><marc:subfield code="b">maps ;</marc:subfield><marc:subfield code="c">24 cm.</marc:subfield></marc:datafield><marc:datafield tag="336" ind1=" " ind2=" "><marc:subfield code="a">text</marc:subfield><marc:subfield code="b">txt</marc:subfield><marc:subfield code="2">rdacontent.</marc:subfield></marc:datafield><marc:datafield tag="337" ind1=" " ind2=" "><marc:subfield code="a">unmediated</marc:subfield><marc:subfield code="b">n</marc:subfield><marc:subfield code="2">rdamedia.</marc:subfield></marc:datafield><marc:datafield tag="338" ind1=" " ind2=" "><marc:subfield code="a">volume</marc:subfield><marc:subfield code="b">nc</marc:subfield><marc:subfield code="2">rdacarrier.</marc:subfield></marc:datafield><marc:datafield tag="500" ind1=" " ind2=" "><marc:subfield code="a">Errata slip attached.</marc:subfield></marc:datafield><marc:datafield tag="504" ind1=" " ind2=" "><marc:subfield code="a">Includes bibliographical references.</marc:subfield></marc:datafield><marc:datafield tag="651" ind1=" " ind2="0"><marc:subfield code="a">Rhine River.</marc:subfield></marc:datafield><marc:datafield tag="651" ind1=" " ind2="0"><marc:subfield code="a">Rhine River Valley.</marc:subfield></marc:datafield><marc:datafield tag="651" ind1=" " ind2="0"><marc:subfield code="a">Rhine River Watershed.</marc:subfield></marc:datafield><marc:datafield tag="880" ind1="1" ind2="0"><marc:subfield code="6">245-02/(3/r</marc:subfield><marc:subfield code="a">نهر الرين في التاريخ والسياسة /‪</marc:subfield><marc:subfield code="c">تأليف دكتور محمد عبد المنعم الشرقاوي، أستاذ الجغرافية المساعد بكلية الآداب بجامعة فؤاد الأول..</marc:subfield></marc:datafield><marc:datafield tag="880" ind1="1" ind2=" "><marc:subfield code="6">100-01/(3/r</marc:subfield><marc:subfield code="a">شرقاوي، محمد عبد المنعم..</marc:subfield></marc:datafield><marc:datafield tag="880" ind1=" " ind2="1"><marc:subfield code="6">264-03/(3/r</marc:subfield><marc:subfield code="a">القاهرة :‪</marc:subfield><marc:subfield code="b">مكتبة النهضة المصرية،‪</marc:subfield><marc:subfield code="c">1944.</marc:subfield></marc:datafield><marc:datafield tag="880" ind1=" " ind2="3"><marc:subfield code="6">264-04/(3/r</marc:subfield><marc:subfield code="a">القاهرة :‪</marc:subfield><marc:subfield code="b">مطبعة لجنة التأليف والترجمة والنشر..</marc:subfield></marc:datafield><marc:datafield tag="907" ind1=" " ind2=" "><marc:subfield code="a">.b13203927</marc:subfield><marc:subfield code="b">main </marc:subfield></marc:datafield><marc:datafield tag="902" ind1=" " ind2=" "><marc:subfield code="a">170724</marc:subfield></marc:datafield><marc:datafield tag="998" ind1=" " ind2=" "><marc:subfield code="b">1</marc:subfield><marc:subfield code="c">041229</marc:subfield><marc:subfield code="d">m</marc:subfield><marc:subfield code="e">a</marc:subfield><marc:subfield code="f">-</marc:subfield><marc:subfield code="g">0</marc:subfield><marc:subfield code="k">MAH</marc:subfield></marc:datafield><marc:datafield tag="945" ind1=" " ind2=" "><marc:subfield code="l">main </marc:subfield></marc:datafield></marc:record>
</marc:collection>
